<?xml version="1.0" encoding="UTF-8"?>
<collection
  xmlns:xsi="http://www.w3.org/2001/XMLSchema-instance"
  xsi:schemaLocation="http://www.loc.gov/MARC21/slim http://www.loc.gov/standards/marcxml/schema/MARC21slim.xsd"
  xmlns="http://www.loc.gov/MARC21/slim">

<record>
  <leader>02395nam a2200565 i 4500</leader>
  <controlfield tag="001">nkc20172955079</controlfield>
  <controlfield tag="003">CZ PrNK</controlfield>
  <controlfield tag="005">20180205162131.0</controlfield>
  <controlfield tag="007">ta</controlfield>
  <controlfield tag="008">171114s2017    xr     g      000 d cze  </controlfield>
  <datafield tag="015" ind1=" " ind2=" ">
    <subfield code="a">cnb002955079</subfield>
  </datafield>
  <datafield tag="020" ind1=" " ind2=" ">
    <subfield code="a">978-80-88183-09-9</subfield>
    <subfield code="q">(Nadační fond Česká knižnice ;</subfield>
    <subfield code="q">vázáno)</subfield>
  </datafield>
  <datafield tag="020" ind1=" " ind2=" ">
    <subfield code="a">978-80-88069-33-1</subfield>
    <subfield code="q">(Ústav pro českou literaturu AV ČR ;</subfield>
    <subfield code="q">vázáno)</subfield>
  </datafield>
  <datafield tag="020" ind1=" " ind2=" ">
    <subfield code="a">978-80-7491-943-5</subfield>
    <subfield code="q">(Host ;</subfield>
    <subfield code="q">vázáno)</subfield>
  </datafield>
  <datafield tag="035" ind1=" " ind2=" ">
    <subfield code="a">(OCoLC)1019658948</subfield>
  </datafield>
  <datafield tag="040" ind1=" " ind2=" ">
    <subfield code="a">BOA001</subfield>
    <subfield code="b">cze</subfield>
    <subfield code="e">rda</subfield>
  </datafield>
  <datafield tag="072" ind1=" " ind2="7">
    <subfield code="a">821.162.3-2</subfield>
    <subfield code="x">České drama</subfield>
    <subfield code="2">Konspekt</subfield>
    <subfield code="9">25</subfield>
  </datafield>
  <datafield tag="080" ind1=" " ind2=" ">
    <subfield code="a">821.162.3-2</subfield>
    <subfield code="2">MRF</subfield>
  </datafield>
  <datafield tag="080" ind1=" " ind2=" ">
    <subfield code="a">(0:82-2)</subfield>
    <subfield code="2">MRF</subfield>
  </datafield>
  <datafield tag="080" ind1=" " ind2=" ">
    <subfield code="a">(082.21)</subfield>
    <subfield code="2">MRF</subfield>
  </datafield>
  <datafield tag="080" ind1=" " ind2=" ">
    <subfield code="a">(0.072)</subfield>
    <subfield code="2">MRF</subfield>
  </datafield>
  <datafield tag="100" ind1="1" ind2=" ">
    <subfield code="a">Havel, Václav,</subfield>
    <subfield code="d">1936-2011</subfield>
    <subfield code="7">jk01040240</subfield>
    <subfield code="4">aut</subfield>
  </datafield>
  <datafield tag="245" ind1="1" ind2="0">
    <subfield code="a">Hry /</subfield>
    <subfield code="c">Václav Havel</subfield>
  </datafield>
  <datafield tag="250" ind1=" " ind2=" ">
    <subfield code="a">V České knižnici vydání první</subfield>
  </datafield>
  <datafield tag="264" ind1=" " ind2="1">
    <subfield code="a">Praha :</subfield>
    <subfield code="b">Nadační fond Česká knižnice ÚČLK FF UK :</subfield>
    <subfield code="b">Ústav pro českou literaturu AV ČR, v.v.i. ;</subfield>
    <subfield code="a">Brno :</subfield>
    <subfield code="b">Host,</subfield>
    <subfield code="c">2017</subfield>
  </datafield>
  <datafield tag="300" ind1=" " ind2=" ">
    <subfield code="a">550 stran ;</subfield>
    <subfield code="c">21 cm</subfield>
  </datafield>
  <datafield tag="336" ind1=" " ind2=" ">
    <subfield code="a">text</subfield>
    <subfield code="b">txt</subfield>
    <subfield code="2">rdacontent</subfield>
  </datafield>
  <datafield tag="337" ind1=" " ind2=" ">
    <subfield code="a">bez média</subfield>
    <subfield code="b">n</subfield>
    <subfield code="2">rdamedia</subfield>
  </datafield>
  <datafield tag="338" ind1=" " ind2=" ">
    <subfield code="a">svazek</subfield>
    <subfield code="b">nc</subfield>
    <subfield code="2">rdacarrier</subfield>
  </datafield>
  <datafield tag="490" ind1="1" ind2=" ">
    <subfield code="a">Česká knižnice ;</subfield>
    <subfield code="v">sv. 93</subfield>
  </datafield>
  <datafield tag="504" ind1=" " ind2=" ">
    <subfield code="a">Obsahuje bibliografické odkazy</subfield>
  </datafield>
  <datafield tag="505" ind1="0" ind2=" ">
    <subfield code="a">Zahradní slavnost -- Vyrozumění -- Ztížená možnost soustředění -- Žebrácká opera -- Audience -- Vernisáž -- Largo desolato -- Pokoušení</subfield>
  </datafield>
  <datafield tag="655" ind1=" " ind2="7">
    <subfield code="a">česká dramata</subfield>
    <subfield code="7">fd133957</subfield>
    <subfield code="2">czenas</subfield>
  </datafield>
  <datafield tag="655" ind1=" " ind2="7">
    <subfield code="a">výbory</subfield>
    <subfield code="7">fd133853</subfield>
    <subfield code="2">czenas</subfield>
  </datafield>
  <datafield tag="655" ind1=" " ind2="7">
    <subfield code="a">komentovaná vydání</subfield>
    <subfield code="7">fd132577</subfield>
    <subfield code="2">czenas</subfield>
  </datafield>
  <datafield tag="655" ind1=" " ind2="9">
    <subfield code="a">Czech drama</subfield>
    <subfield code="2">eczenas</subfield>
  </datafield>
  <datafield tag="655" ind1=" " ind2="9">
    <subfield code="a">selected works</subfield>
    <subfield code="2">eczenas</subfield>
  </datafield>
  <datafield tag="655" ind1=" " ind2="9">
    <subfield code="a">annotated editions</subfield>
    <subfield code="2">eczenas</subfield>
  </datafield>
  <datafield tag="700" ind1="1" ind2="2">
    <subfield code="a">Havel, Václav,</subfield>
    <subfield code="d">1936-2011.</subfield>
    <subfield code="t">Zahradní slavnost</subfield>
    <subfield code="7">aun2015876644</subfield>
  </datafield>
  <datafield tag="700" ind1="1" ind2="2">
    <subfield code="a">Havel, Václav,</subfield>
    <subfield code="d">1936-2011.</subfield>
    <subfield code="t">Vyrozumění</subfield>
    <subfield code="7">aun2017972922</subfield>
  </datafield>
  <datafield tag="700" ind1="1" ind2="2">
    <subfield code="a">Havel, Václav,</subfield>
    <subfield code="d">1936-2011.</subfield>
    <subfield code="t">Ztížená možnost soustředění</subfield>
    <subfield code="7">aun2017972923</subfield>
  </datafield>
  <datafield tag="700" ind1="1" ind2="2">
    <subfield code="a">Havel, Václav,</subfield>
    <subfield code="d">1936-2011.</subfield>
    <subfield code="t">Žebrácká opera</subfield>
    <subfield code="7">aun2015855423</subfield>
  </datafield>
  <datafield tag="700" ind1="1" ind2="2">
    <subfield code="a">Havel, Václav,</subfield>
    <subfield code="d">1936-2011.</subfield>
    <subfield code="t">Audience</subfield>
    <subfield code="7">aun2017972924</subfield>
  </datafield>
  <datafield tag="700" ind1="1" ind2="2">
    <subfield code="a">Havel, Václav,</subfield>
    <subfield code="d">1936-2011.</subfield>
    <subfield code="t">Vernisáž</subfield>
    <subfield code="7">aun2015896355</subfield>
  </datafield>
  <datafield tag="700" ind1="1" ind2="2">
    <subfield code="a">Havel, Václav,</subfield>
    <subfield code="d">1936-2011.</subfield>
    <subfield code="t">Largo desolato</subfield>
    <subfield code="7">aun2014843891</subfield>
  </datafield>
  <datafield tag="700" ind1="1" ind2="2">
    <subfield code="a">Havel, Václav,</subfield>
    <subfield code="d">1936-2011.</subfield>
    <subfield code="t">Pokoušení</subfield>
    <subfield code="7">aun2010606823</subfield>
  </datafield>
  <datafield tag="830" ind1=" " ind2="0">
    <subfield code="a">Česká knižnice (Host)</subfield>
  </datafield>
  <datafield tag="901" ind1=" " ind2=" ">
    <subfield code="b">9788074919435</subfield>
    <subfield code="f">1. vydání</subfield>
    <subfield code="o">20171211</subfield>
  </datafield>
  <datafield tag="910" ind1=" " ind2=" ">
    <subfield code="a">ABA001</subfield>
  </datafield>
  <datafield tag="998" ind1=" " ind2=" ">
    <subfield code="a">002955079</subfield>
  </datafield>
</record>

</collection>
